@article {21MBLDMdD,
	AUTHOR = {Barbero Li\~n\'an, M. and  Mart\'in de Diego, D.},
	TITLE = {Extended retraction maps: a seed of geometric integrators},
	JOURNAL = {Found. Comput. Math.},
	FJOURNAL = {Foundations of Computational Mathematics},
     VOLUME = {23},
     Pages = { 1335–1380},
	YEAR = {2023},
	DOI = {doi.org/10.1007/s10208-022-09571-x},
}
@article {ABCM2023,
	AUTHOR = {Anahory Simoes, S. and Barbero Li\~n\'an, M. and Colombo, L. and  Mart\'in de Diego, D.},
	TITLE = {Higher-order retraction maps and construction of numerical methods for optimal control of mechanical systems},
	JOURNAL = {62nd IEEE Proc  Conference on Decision and  Control.  },
    PAGES = {3288-3295},
	FJOURNAL = {},
	YEAR = {2023},
	DOI = {https://doi.org/10.48550/arXiv.2303.17917},
}
@article {Cari,
    AUTHOR = {Cari\~{n}ena, J. F. and Mart\'{\i}nez, Eduardo and
              Mu\~{n}oz-Lecanda, Miguel C.},
     TITLE = {Sundman transformation and alternative tangent structures},
   JOURNAL = {J. Phys. A},
  FJOURNAL = {Journal of Physics. A. Mathematical and Theoretical},
    VOLUME = {56},
      YEAR = {2023},
    NUMBER = {18},
     PAGES = {Paper No. 185202, 28},
      ISSN = {1751-8113,1751-8121},
   MRCLASS = {34C20 (37N05 53B21 70S05)},
  MRNUMBER = {4584078},
MRREVIEWER = {Giovanni\ Moreno}
}
     %  DOI = {10.1088/1751-8121/acc913},
      % URL = {https://doi.org/10.1088/1751-8121/acc913},
}


@book {hairer,
	AUTHOR = {Hairer, E. and Lubich, C. and Wanner, G.},
	TITLE = {Geometric numerical integration},
	SERIES = {Springer Series in Computational Mathematics},
	VOLUME = {31},
	NOTE = {Structure-preserving algorithms for ordinary differential
	equations,
	Reprint of the second (2006) edition},
	PUBLISHER = {Springer, Heidelberg},
	YEAR = {2010},
	PAGES = {xviii+644},
	ISBN = {978-3-642-05157-9},
}

@book {AbMaSeBookRetraction,
	AUTHOR = {Absil, P.-A. and Mahony, R. and Sepulchre, R.},
	TITLE = {Optimization algorithms on matrix manifolds},
    NOTE = {With a foreword by Paul Van Dooren},
	PUBLISHER = {Princeton University Press, Princeton, NJ},
	YEAR = {2008},
	PAGES = {xvi+224},
	ISBN = {978-0-691-13298-3},
	DOI = {10.1515/9781400830244},
	URL = {https://doi.org/10.1515/9781400830244},
}
@book{blanes2017concise,
  title={A concise introduction to geometric numerical integration},
  author={Blanes, Sergio and Casas, Fernando},
  year={2017},
  publisher={CRC press}
}
@book{suli2003introduction,
  title={An introduction to numerical analysis},
  author={S{\"u}li, Endre and Mayers, David F},
  year={2003},
  publisher={Cambridge university press}
}
%%%%%feedback___discretization%%%%%
@incollection{grizzle1986feedback,
  title={Feedback linearization of discrete-time systems},
  author={Grizzle, JW},
  booktitle={Analysis and Optimization of Systems},
  pages={273--281},
  year={1986},
  publisher={Springer}
}
@inproceedings{jayaraman1993feedback,
  title={Feedback linearization of discrete-time systems},
  author={Jayaraman, G and Chizeck, HJ},
  booktitle={Proceedings of 32nd IEEE Conference on Decision and Control},
  pages={2972--2977},
  year={1993},
  organization={IEEE}
}
@article{aranda1996linearization,
  title={Linearization of discrete-time systems},
  author={Aranda-Bricaire, E and Kotta, {\"U}lle and Moog, CH},
  journal={SIAM Journal on Control and Optimization},
  volume={34},
  number={6},
  pages={1999--2023},
  year={1996},
  publisher={SIAM}
}
@article{grizzle1993linear,
  title={A linear algebraic framework for the analysis of discrete-time nonlinear systems},
  author={Grizzle, JW},
  journal={SIAM Journal on Control and Optimization},
  volume={31},
  number={4},
  pages={1026--1044},
  year={1993},
  publisher={SIAM}
}
@article{lee1987linearization,
  title={Linearization of discrete-time systems},
  author={Lee, HG and Arapostathis, A and Marcus, SI},
  journal={International Journal of Control},
  volume={45},
  number={5},
  pages={1803--1822},
  year={1987},
  publisher={Taylor \& Francis}
}
%%%%%%%%%%sampling_and_disc%%%%%%%%%%
@article{grizzle1988feedback,
  title={Feedback linearization of sampled-data systems},
  author={Grizzle, JW and Kokotovic, PV},
  journal={IEEE Transactions on Automatic Control},
  volume={33},
  number={9},
  pages={857--859},
  year={1988},
  publisher={IEEE}
}
@inproceedings{jakubczyk1987effect,
  title={The effect of sampling on feedback linearization},
  author={Jakubczyk, Bronislaw and Sontag, Eduardo D},
  booktitle={26th IEEE Conference on Decision and Control},
  volume={26},
  pages={1374--1379},
  year={1987},
  organization={IEEE}
}
@article{arapostathis1989effect,
  title={The effect of sampling on linear equivalence and feedback linearization},
  author={Arapostathis, A and Jakubczyk, B and Lee, H-G and Marcus, SI and Sontag, ED},
  journal={Systems \& control letters},
  volume={13},
  number={5},
  pages={373--381},
  year={1989},
  publisher={Elsevier}
}
@inproceedings{lhmnc,
  title={Feedback Linearization of Implicit Discrete Systems},
  author={Ashutosh Jindal and Ravi Banavar and Debasish Chatterjee},
  booktitle={7th IFAC Workshop on Lagrangian and Hamiltonian Methods for Nonlinear Control (accepted)},
  year={2021},
  organization={IFAC}
}

@inproceedings{ashutosh,
    author = {Ashutosh Jindal and Ravi Banavar and Mart\'in de Diego, D.},
    title = {Constructing Feedback Linearizable Discretizations for
 Continuous-Time Systems using Retraction Maps} ,
    booktitle = {62nd IEEE Conference on Decision and Control},
    year = {2023}
}
%%%%%%%%%%feedbackLin_cts%%%%%%
@article{RESPONDEK2012102,
title = {On Linearization of Mechanical Control Systems},
journal = {IFAC Proceedings Volumes},
volume = {45},
number = {19},
pages = {102-107},
year = {2012},
note = {4th IFAC Workshop on Lagrangian and Hamiltonian Methods for Non Linear Control},
issn = {1474-6670},
doi = {https://doi.org/10.3182/20120829-3-IT-4022.00053},
author = {Witold Respondek and Sandra Ricardo}
}

@article{brockett1978feedback,
  title={Feedback invariants for nonlinear systems},
  author={Brockett, Roger W},
  journal={IFAC Proceedings Volumes},
  volume={11},
  number={1},
  pages={1115--1120},
  year={1978},
  publisher={Elsevier}
}
@article{jacubczyk1980linearization,
  title={On linearization of control systems},
  author={Jacubczyk, B and Respondek, W},
  journal={Bul. L’acad Pol. Sciense},
  volume={28},
  number={9-10},
  pages={517--522},
  year={1980}
}
@article{isidori1982feedback,
  title={On feedback equivalence of nonlinear systems},
  author={Isidori, Alberto and Krener, Arthur J},
  journal={Systems \& Control Letters},
  volume={2},
  number={2},
  pages={118--121},
  year={1982},
  publisher={Elsevier Science}
}

@book{nowicki,
    author = {Marcin Nowicki},
    title = {Feedback linearization of mechanical control systems},
    publisher = {General Mathematics, Normandie Universit\'e},
    year = {2020}
}

@article{SPONG20011845,
title = {Nonlinear control of the Reaction Wheel Pendulum},
journal = {Automatica},
volume = {37},
number = {11},
pages = {1845-1851},
year = {2001},
issn = {0005-1098},
doi = {https://doi.org/10.1016/S0005-1098(01)00145-5},
author = {Mark W. Spong and Peter Corke and Rogelio Lozano},
keywords = {Nonlinear control, Mechanical systems, Passivity, Feedback linearization, Stabilization, Switching control}
}

@article{10076262,
  title={Mechanical Feedback Linearization of Single-Input Mechanical Control Systems},
  author={Nowicki, Marcin and Respondek, Witold},
  journal={IEEE Transactions on Automatic Control}, 

  year={2023},

  volume={68},

  number={12},

  pages={7966-7973},

  keywords={Control systems;Feedback linearization;Mechanical systems;Trajectory;Manifolds;Jacobian matrices;Indexes;Feedback linearization;geometric control theory;mechanical systems},

  doi={10.1109/TAC.2023.3259004}
}

@article{NOWICKI2023111098,
title = {Mechanical linearization of mechanical control systems without controllability assumption},
author = {Nowicki, Marcin and Respondek, Witold},
journal = {Automatica},
volume = {155},
pages = {111098},
year = {2023},
issn = {0005-1098},
doi = {https://doi.org/10.1016/j.automatica.2023.111098},
keywords = {Feedback linearization, Mechanical systems, Geometric control theory, Linear/nonlinear models}
}

@INPROCEEDINGS{fl-so3,
  author={Akhtar, Adeel and Saleem, Sajid and Waslander, Steven L.},
  booktitle={2020 American Control Conference (ACC)}, 
  title={Feedback Linearizing Controllers on SO(3) using a Global Parametrization}, 
  year={2020},
  volume={},
  number={},
  pages={1441-1446},
  keywords={Feedback linearization;Manifolds;Differential equations;Aerospace electronics;Quaternions;Control design;Robots},
  doi={10.23919/ACC45564.2020.9147963}}

%%%%%%%%%%basictheorems%%%%%
@book{lang2013undergraduate,
  title={Undergraduate analysis},
  author={Lang, Serge},
  year={2013},
  publisher={Springer Science \& Business Media}
}
@book{abraham2012manifolds,
  title={Manifolds, tensor analysis, and applications},
  author={Abraham, Ralph and Marsden, Jerrold E and Ratiu, Tudor},
  volume={75},
  year={2012},
  publisher={Springer Science \& Business Media}
}